<?xml version="1.0" encoding="UTF-8"?><record xmlns="http://www.loc.gov/MARC21/slim" xmlns:cinclude="http://apache.org/cocoon/include/1.0" xmlns:zs="http://www.loc.gov/zing/srw/">
  <leader>01259cz  a2200169n  4500</leader>
  <controlfield tag="001">n  91028662 </controlfield>
  <controlfield tag="003">DLC</controlfield>
  <controlfield tag="005">20110609074811.0</controlfield>
  <controlfield tag="008">910322n| acannaabn          |a ana      </controlfield>
  <datafield tag="010" ind1=" " ind2=" ">
    <subfield code="a">n  91028662 </subfield>
    <subfield code="z">n 2005175763</subfield>
  </datafield>
  <datafield tag="040" ind1=" " ind2=" ">
    <subfield code="a">DLC</subfield>
    <subfield code="b">eng</subfield>
    <subfield code="c">DLC</subfield>
    <subfield code="d">DLC</subfield>
  </datafield>
  <datafield tag="110" ind1="2" ind2=" ">
    <subfield code="a">National Afro-American Museum and Cultural Center (U.S.)</subfield>
  </datafield>
  <datafield tag="410" ind1="2" ind2=" ">
    <subfield code="a">National Museum of Afro-American History and Culture (U.S.)</subfield>
  </datafield>
  <datafield tag="410" ind1="2" ind2=" ">
    <subfield code="a">National Afro-American Museum &amp; Cultural Center (U.S.)</subfield>
  </datafield>
  <datafield tag="670" ind1=" " ind2=" ">
    <subfield code="a">Before freedom came, c1991:</subfield>
    <subfield code="b">CIP galley (National Afro-American Museum and Cultural Center, Wilberforce, Ohio)</subfield>
  </datafield>
  <datafield tag="670" ind1=" " ind2=" ">
    <subfield code="a">NUCMC data from Wilberforce University for National Museum of Afro-American History and Culture collection, 1978-1998</subfield>
    <subfield code="b">(The National Museum of Afro-American History and Culture was established in 1972 when the Ohio General Assembly passed a bill authorizing the Ohio Historical Society to establish a National Afro-American Museum in Wilberforce, Ohio, and to create the National Museum of Art History and Culture Planning Council to advise the Society on the development of the museum)</subfield>
  </datafield>
  <datafield tag="670" ind1=" " ind2=" ">
    <subfield code="a">Ohio Historical Society WWW site, June 8, 2011</subfield>
    <subfield code="b">(National Afro-American Museum &amp; Cultural Center; National Afro-American Museum and Cultural Center; Wilberforce, OH)</subfield>
  </datafield>
</record>